<?xml version="1.0" encoding="UTF-8"?><collection xmlns="http://www.loc.gov/MARC21/slim"><record><leader>00512nam--2200193-i-4500</leader><controlfield tag="001">000042440</controlfield><controlfield tag="002">20161230</controlfield><controlfield tag="005">20161230201043</controlfield><controlfield tag="008">060222s1000------------r-----000-0-eng-d</controlfield><datafield ind1=" " ind2=" " tag="020"><subfield code="a">012710402X</subfield></datafield><datafield ind1=" " ind2=" " tag="040"><subfield code="a">IFIN-HH</subfield></datafield><datafield ind1=" " ind2=" " tag="080"><subfield code="a">535.853</subfield></datafield><datafield ind1="1" ind2=" " tag="100"><subfield code="a">Vanasse, George A</subfield></datafield><datafield ind1="1" ind2="0" tag="245"><subfield code="a">Spectrometric techniques</subfield><subfield code="b">Volume ii</subfield><subfield code="c">GEORGE A.VANASSE (Ed.)</subfield></datafield><datafield ind1=" " ind2=" " tag="260"><subfield code="a">SAN FRANCISCO</subfield><subfield code="b">Academic Press</subfield><subfield code="c">1981</subfield></datafield><datafield ind1=" " ind2=" " tag="300"><subfield code="a">XI + 303 P</subfield></datafield><datafield ind1=" " ind2="0" tag="650"><subfield code="a">Spectrum Analysis</subfield></datafield><datafield ind1=" " ind2=" " tag="852"><subfield code="a">49367</subfield><subfield code="c">535</subfield></datafield><datafield ind1=" " ind2=" " tag="CAT"><subfield code="a">Sys</subfield><subfield code="c">20101124</subfield><subfield code="h">130051</subfield></datafield></record></collection>